@phdthesis{whittaker2000statistical,
  title={Statistical language modelling for automatic speech recognition of Russian and English},
  author={Whittaker, Edward William Daniel},
  year={2000},
  school={University of Cambridge}
}

@inproceedings{arisoy2012deep,
  title={Deep neural network language models},
  author={Arisoy, Ebru and Sainath, Tara N and Kingsbury, Brian and Ramabhadran, Bhuvana},
  booktitle={Proceedings of the NAACL-HLT 2012 Workshop: Will We Ever Really Replace the N-gram Model? On the Future of Language Modeling for HLT},
  pages={20--28},
  year={2012},
  organization={Association for Computational Linguistics}
}

@inproceedings{mikolov2011empirical,
  title={Empirical Evaluation and Combination of Advanced Language Modeling Techniques.},
  author={Mikolov, Tomas and Deoras, Anoop and Kombrink, Stefan and Burget, Lukas and Cernock{\`y}, Jan},
  booktitle={INTERSPEECH},
  number={s 1},
  pages={605--608},
  year={2011}
}

@article{taranukhaways,
  title={WAYS TO IMPROVE N-GRAM LANGUAGE MODELS FOR OCR AND SPEECH RECOGNITION OF SLAVIC LANGUAGES},
  author={Taranukha, V}
}

@article{wang2013new,
  title={A New Word Language Model Evaluation Metric for Character Based Languages},
  author={Wang, Peilu and Sun, Ruihua and Zhao, Hai and Yu, Kai},
  journal={Chinese Computational Linguistics and Natural Language Processing Based on Naturally Annotated Big Data},
  pages={315--324},
  year={2013},
  publisher={Springer Berlin Heidelberg}
}

@inproceedings{stolcke2002srilm,
  title={SRILM-an extensible language modeling toolkit.},
  author={Stolcke, Andreas},
  booktitle={INTERSPEECH},
  year={2002}
}

@article{vazhenina2013evaluation,
  title={Evaluation of Advanced Language Modeling Techniques for Russian LVCSR},
  author={Vazhenina, Daria and Markov, Konstantin},
  journal={Speech and Computer},
  pages={124--131},
  year={2013},
  publisher={Springer International Publishing}
}

@inproceedings{kipyatkova2014rescoring,
  title={Rescoring N-best lists for Russian speech recognition using factored language models},
  author={Kipyatkova, Irina and Verkhodanova, Vasilisa and Karpov, Alexey},
  booktitle={Proc. 4th International Workshop on Spoken Language Technologies for Under-resourced Languages SLTU-2014, St. Petersburg, Russia},
  pages={81--86},
  year={2014}
}

@article{chen1998evaluation,
  title={Evaluation metrics for language models},
  author={Chen, Stanley F and Beeferman, Douglas and Rosenfield, Roni},
  year={1998}
}

@article{rosenfeld2000two,
  title={Two decades of statistical language modeling: where do we go from here?},
  author={Rosenfeld, R},
  journal={Proceedings of the IEEE},
  volume={88},
  number={8},
  pages={1270--1278},
  year={2000}
  }

@phdthesis{lau1994adaptive,
  title={Adaptive statistical language modelling},
  author={Lau, Raymond},
  year={1994},
  school={IBM Thomas J. Watson Research Center}
  }

@book{jelinek1997statistical,
  title={Statistical methods for speech recognition},
  author={Jelinek, Frederick},
  year={1997},
  publisher={MIT press}
  }

@article{katz1987estimation,
  title={Estimation of probabilities from sparse data for the language model component of a speech recognizer},
  author={Katz, Slava},
  journal={Acoustics, Speech and Signal Processing, IEEE Transactions on},
  volume={35},
  number={3},
  pages={400--401},
  year={1987},
  publisher={IEEE}
  }

@article{stuckless1994developments,
  title={Developments in real-time speech-to-text communication for people with impaired hearing},
  author={Stuckless, Ross},
  journal={Communication access for people with hearing loss},
  pages={197--226},
  year={1994},
  publisher={York Press Baltimore, MD}
  }

@article{juang2005automatic,
  title={Automatic speech recognition--a brief history of the technology development},
  author={Juang, Biing-Hwang and Rabiner, Lawrence},
  journal={Georgia Institute of Technology. Atlanta Rutgers University and the University of California. Santa Barbara},
  volume={1},
  year={2005}
  }
  
@book{moravec1988mind,
  title={Mind children: The future of robot and human intelligence},
  author={Moravec, Hans},
  year={1988},
  publisher={Harvard University Press}
}

@article{huang2014historical,
  title={A historical perspective of speech recognition},
  author={Huang, Xuedong and Baker, James and Reddy, Raj},
  journal={Communications of the ACM},
  volume={57},
  number={1},
  pages={94--103},
  year={2014},
  publisher={ACM}
  }

@article{hannun2014deepspeech,
  title={DeepSpeech: Scaling up end-to-end speech recognition},
  author={Hannun, Awni and Case, Carl and Casper, Jared and Catanzaro, Bryan and Diamos, Greg and Elsen, Erich and Prenger, Ryan and Satheesh, Sanjeev and Sengupta, Shubho and Coates, Adam and others},
  journal={arXiv preprint arXiv:1412.5567},
  year={2014}
  }

@unpublished{glass2013automatic,
  author = {Glass, Jim},
  institution = {MIT},
  howpublished = {University Lecture},
  year = {2003},
  url = {http://ocw.mit.edu/courses/electrical-engineering-and-computer-science/6-345-automatic-speech-recognition-spring-2003/lecture-notes/lecture1112.pdf},
  title = {Language Modeling for Speech Recognition}
}

@article{mohamed2012acoustic,
  title={Acoustic modeling using deep belief networks},
  author={Mohamed, Abdel-rahman and Dahl, George E and Hinton, Geoffrey},
  journal={Audio, Speech, and Language Processing, IEEE Transactions on},
  volume={20},
  number={1},
  pages={14--22},
  year={2012},
  publisher={IEEE}
}

@book{bourlard1994connectionist,
  title={Connectionist speech recognition: a hybrid approach},
  author={Bourlard, Herve A and Morgan, Nelson},
  volume={247},
  year={1994},
  publisher={Springer Science \& Business Media}
}

@article{juang1985mixture,
  title={Mixture autoregressive hidden Markov models for speech signals},
  author={Juang, Biing-Hwang and Rabiner, Lawrence},
  journal={Acoustics, Speech and Signal Processing, IEEE Transactions on},
  volume={33},
  number={6},
  pages={1404--1413},
  year={1985},
  publisher={IEEE}
}

@article{baker1975dragon,
  title={The DRAGON system--An overview},
  author={Baker, James},
  journal={Acoustics, speech and signal processing, IEEE transactions on},
  volume={23},
  number={1},
  pages={24--29},
  year={1975},
  publisher={IEEE}
}
